@misc{GoLplay,
	title = {Game of Likes:  Possible play scenarios},
	year = {2014},
	howpublished = "\url{http://itu.dk/people/bjrr/thesis-preparation/Game_of_Likes_-_possible_play_scenarios.pdf}"
}

@book{caillois2001man,
	title={Man, play, and games},
	author={Caillois, Roger},
	year={2001},
	publisher={University of Illinois Press}
}

@misc{GuessWho,
	howpublished = "\url{http://en.wikipedia.org/wiki/Guess_Who%3F}"
	title = {Guess Who?, from Wikipedia},
	note = "[Online; accessed 9-December-2014]"
}

@inproceedings{cardamone2011interactive,
	title={Interactive evolution for the procedural generation of tracks in a high-end racing game},
	author={Cardamone, Luigi and Loiacono, Daniele and Lanzi, Pier Luca},
	booktitle={Proceedings of the 13th annual conference on Genetic and evolutionary computation},
	pages={395--402},
	year={2011},
	organization={ACM}
}

@misc{ChromecastGames,
	howpublished = "\url{http://chrome.blogspot.dk/2014/11/introducing-fun-family-games-for.html}"
	title = {Introducing fun family games for Chromecast},
	note = "[Online; 11-November-2014]"
}